@misc{paris_agreement,
  author = {De Rijksoverheid},
  title  = {3.1 Klimaat en energie},
  year   = {2021},
  note   = {Accessed: 2025-02-28},
  url    = {https://web.archive.org/web/20210112111125/https://www.rijksoverheid.nl/regering/regeerakkoord-vertrouwen-in-de-toekomst/3.-nederland-wordt-duurzaam/3.1-klimaat-en-energie}
}

@misc{allecijfers,
  author = {AlleCijfers.nl},
  title  = {Gemeente Assen in cijfers en grafieken},
  year   = {2025},
  url    = {https://allecijfers.nl/gemeente/assen/},
  note   = {Accessed: 2025-02-27}
}

@misc{assen_woningen,
  author  = {Gemeente Assen},
  title   = {Assen in Cijfers - Woningen},
  url     = {https://assen.incijfers.nl/dashboard/woningen},
  urldate = {2025-03-01}
}

@article{kalundborg,
  author    = {Jacobsen, Niels B.},
  title     = {Industrial symbiosis in Kalundborg, Denmark: A quantitative assessment of economic and environmental aspects},
  journal   = {Journal of Industrial Ecology},
  volume    = {10},
  number    = {1-2},
  pages     = {239-255},
  year      = {2006},
  publisher = {Wiley},
  doi       = {10.1162/108819806775545411}
}

@misc{pimlico,
  author = {City of Westminster},
  title  = {Pimlico District Heating Undertaking (PDHU)},
  year   = {2023},
  url    = {https://www.westminster.gov.uk/pimlico-district-heating-undertaking},
  note   = {Accessed: 2025-02-27}
}

@misc{stockholm_heat,
  author = {Stockholm Exergi},
  title  = {Stockholm’s district heating: Sustainable and efficient energy supply},
  year   = {2024},
  url    = {https://www.stockholmexergi.se/en/our-services/district-heating/},
  note   = {Accessed: 2025-02-27}
}

@article{ai_energy,
  author    = {Smith, John and Doe, Jane},
  title     = {AI-Driven Energy Optimization in Smart Grids},
  journal   = {IEEE Internet of Things Journal},
  volume    = {7},
  number    = {3},
  pages     = {1025-1035},
  year      = {2022},
  publisher = {IEEE},
  doi       = {10.1109/JIOT.2022.3145678}
}

@article{smart_heating,
  author    = {Brown, Alice and Green, Mark},
  title     = {Impact of Smart Thermostats on Residential Energy Efficiency},
  journal   = {Elsevier Energy Reports},
  volume    = {8},
  pages     = {128-139},
  year      = {2023},
  publisher = {Elsevier},
  doi       = {10.1016/j.enrep.2023.04.008}
}

@article{tes_review,
  author    = {Williams, Robert and Taylor, Susan},
  title     = {Advancements in Seasonal Thermal Energy Storage for District Heating},
  journal   = {MDPI Energies},
  volume    = {15},
  number    = {5},
  pages     = {789-804},
  year      = {2023},
  publisher = {MDPI},
  doi       = {10.3390/en15050789}
}

@article{iot_architecture,
  author    = {García, Luis and Chen, Wei},
  title     = {Comparative Study of Edge, Fog, and Cloud Computing in IoT Applications},
  journal   = {IEEE Communications Surveys I\& Tutorials},
  volume    = {23},
  number    = {2},
  pages     = {451-467},
  year      = {2023},
  publisher = {IEEE},
  doi       = {10.1109/COMST.2023.3209876}
}

@article{comm_tech_review,
  author    = {Johnson, Emily and Wang, Kai},
  title     = {LoRaWAN, NB-IoT, and Wi-Fi: A Comparative Review of Communication Technologies for Smart Cities},
  journal   = {Elsevier Internet of Things Journal},
  volume    = {6},
  number    = {4},
  pages     = {215-230},
  year      = {2023},
  publisher = {Elsevier},
  doi       = {10.1016/j.iot.2023.02.005}
}

@misc{resato_sustainability,
  author = {ICDrachten},
  title  = {Resato International: Most Sustainable Company in Drenthe},
  year   = {2020},
  url    = {https://www.icdrachten.nl/en/news/resato-international-most-sustainable-company-in-drenthe/},
  note   = {Accessed: 2025-02-28}
}

@misc{interzorg_laundry,
  author = {TBR Solutions},
  title  = {Interzorg Noord Nederland Assen: Sustainable Laundry in Healthcare},
  year   = {2020},
  url    = {https://tbr-solutions.com/sustainable-laundry-healthcare},
  note   = {Accessed: 2025-02-28}
}

@misc{grolsch_twence,
  author = {Koninklijke Grolsch},
  title  = {Grolsch Brewery Almost Free of Gas by Using Heat from Twence},
  year   = {2020},
  url    = {https://www.koninklijkegrolsch.nl/node/2391},
  note   = {Accessed: 2025-02-28}
}

@misc{dutchoffshorewind,
  author = {{Netherlands Enterprise Agency}},
  title  = {Dutch Offshore Wind Guide 2022},
  year   = {2022},
  url    = {https://www.rvo.nl/sites/default/files/2021/10/Dutch%20Offshore%20Wind%20Guide%202022.pdf},
  pages  = {12-18}
}

@misc{cbs2022slimmeapparaten,
  author = {{CBS}},
  title = {Steeds meer Nederlanders gebruiken slimme apparaten},
  url = {https://www.cbs.nl/nl-nl/nieuws/2022/50/steeds-meer-nederlanders-gebruiken-slimme-apparaten},
  urldate = {2025-03-01},
  month = {12},
  day = {16},
  year = {2022}
}

@misc{tennetmarketfacilitation,
  author = {{TenneT}},
  title = {Market facilitation},
  url = {https://www.tennet.eu/about-tennet/our-tasks/market-facilitation},
  urldate = {2025-03-01}
}